<record xmlns="http://www.loc.gov/MARC21/slim" xmlns:xsi="http://www.w3.org/2001/XMLSchema-instance" xsi:schemaLocation="http://www.loc.gov/MARC21/slim http://www.loc.gov/standards/marcxml/schema/MARC21slim.xsd">

  <leader>00699nam a2200181   4500</leader>
  <datafield ind2=" " tag="999" ind1=" ">
    <subfield code="c">3547</subfield>
    <subfield code="d">3547</subfield>
  </datafield>
  <controlfield tag="008">180716b2017    p  a|||| |||| 00| | spa d</controlfield>
  <datafield ind2=" " ind1=" " tag="020">
    <subfield code="a">9789972841255</subfield>
  </datafield>
  <datafield ind2=" " tag="090" ind1=" ">
    <subfield code="a">13.09.09</subfield>
    <subfield code="b">2488</subfield>
  </datafield>
  <datafield ind2=" " ind1=" " tag="110">
    <subfield code="9">4067</subfield>
    <subfield code="a">Perú. Ministerio de Educación</subfield>
  </datafield>
  <datafield ind2="0" ind1="1" tag="245">
    <subfield code="a">Programas de formación docente en servicio en el Perú: experiencias y aprendizajes durante el período 2011-2015 /</subfield>
    <subfield code="c">Ministerio de Educación</subfield>
  </datafield>
  <datafield ind1=" " tag="260" ind2=" ">
    <subfield code="a">Lima, Perú :</subfield>
    <subfield code="b">Ministerio de Educación; UNESCO,</subfield>
    <subfield code="c">2017</subfield>
  </datafield>
  <datafield ind2=" " tag="300" ind1=" ">
    <subfield code="a">83 páginas;</subfield>
    <subfield code="b">ilustraciones</subfield>
  </datafield>
  <datafield tag="490" ind1=" " ind2=" ">
    <subfield code="a">Aportes para la reflexión y construcción de políticas docentes</subfield>
  </datafield>
  <datafield tag="650" ind1="1" ind2="4">
    <subfield code="9">331</subfield>
    <subfield code="a">DOCENTES</subfield>
  </datafield>
  <datafield ind1="1" tag="650" ind2="4">
    <subfield code="9">9</subfield>
    <subfield code="a">FORMACIÓN DE DOCENTES</subfield>
  </datafield>
  <datafield ind2="4" ind1=" " tag="651">
    <subfield code="9">1736</subfield>
    <subfield code="a">PERÚ</subfield>
  </datafield>
  <datafield ind2=" " tag="942" ind1=" ">
    <subfield code="2">z</subfield>
    <subfield code="c">01</subfield>
  </datafield>
</record>